@Book{beingdog,
  author = 	 {Charles M. Schulz},
  title = 	 {Being a Dog Is a Full-Time Job (A Peanuts Collection) },
  publisher = 	 {Andrews McMeel Publishing},
  year = 	 {1994},
  OPTkey = 	 {},
  OPTvolume = 	 {},
  OPTnumber = 	 {},
  OPTseries = 	 {},
  OPTaddress = 	 {},
  OPTedition = 	 {},
  OPTmonth = 	 {},
  OPTnote = 	 {},
  OPTannote = 	 {}
}



@Book{peanutsgospel,
  author = 	 {Robert L. Short},
  title = 	 {The Gospel According to 'Peanuts'},
  publisher = 	 {Westminster John Knox Press},
  year = 	 {2000},
  OPTkey = 	 {},
  OPTvolume = 	 {},
  OPTnumber = 	 {},
  OPTseries = 	 {},
  OPTaddress = 	 {},
  OPTedition = 	 {},
  OPTmonth = 	 {},
  OPTnote = 	 {},
  OPTannote = 	 {}
}

