@article{kin06,
  title={A variational approach to modeling and simulation of grain growth},
  author={Kinderlehrer, David and Livshits, Irene and Ta'asan, Shlomo},
  journal={SIAM Journal on Scientific Computing},
  volume={28},
  number={5},
  pages={1694--1715},
  year={2006},
  publisher={SIAM}
}

@article{fra881,
  title={Computer simulation of two-dimensional normal grain growth (the ‘gas’ approximation)},
  author={Fradkov, VE and Udler, DG and Kris, RE},
  journal={Philosophical Magazine Letters},
  volume={58},
  number={6},
  pages={277--283},
  year={1988},
  publisher={Taylor \& Francis}
}

@article{fra882,
  title={A theoretical investigation of two-dimensional grain growth in the {‘gas’} approximation},
  author={Fradkov, VE},
  journal={Philosophical Magazine Letters},
  volume={58},
  number={6},
  pages={271--275},
  year={1988},
  publisher={Taylor \& Francis}
}

@article{coh10,
        Author = {Cohen, Albert},
        Date-Added = {2010-08-05 12:06:25 -0400},
        Date-Modified = {2010-08-05 12:06:25 -0400},
        Doi = {10.1137/090752985},
        Fjournal = {Multiscale Modeling \& Simulation. A SIAM Interdisciplinary Journal},
        Issn = {1540-3459},
        Journal = {Multiscale Model. Simul.},
        Mrclass = {60G35 (35F30 60H30 60H35 60J25)},
        Mrnumber = {MR2581030},
        Number = {2},
        Pages = {463--480},
        Title = {A stochastic approach to coarsening of cellular networks},
        Url = {http://dx.doi.org/10.1137/090752985},
        Volume = {8},
        Year = {2009/10},
        Bdsk-Url-1 = {http://dx.doi.org/10.1137/090752985}}

@article{mul56,
  title={Two-Dimensional Motion of Idealized Grain Boundaries},
  author={Mullins, William W},
  journal={Journal of Applied Physics},
  volume={27},
  number={8},
  pages={900--904},
  year={1956},
  publisher={AIP}
}

@article{her12,
  title={Self-Similar Solutions to a Kinetic Model for Grain Growth},
  author={Herrmann, Michael and Lauren{\c{c}}ot, Philippe and Niethammer, Barbara},
  journal={Journal of Nonlinear Science},
  volume={22},
  number={3},
  pages={399--427},
  year={2012},
  publisher={Springer}
}

@article{dav84,
  title={Piecewise-deterministic {M}arkov processes: A general class of non-diffusion stochastic models},
  author={Davis, Mark HA},
  journal={Journal of the Royal Statistical Society. Series B (Methodological)},
  pages={353--388},
  year={1984},
  publisher={JSTOR}
}

@article{cla99,
  title={Stably coalescent stochastic froths},
  author={Clark, JMC and Katsouros, V},
  journal={Advances in Applied Probability},
  volume={31},
  number={1},
  pages={199--219},
  year={1999},
  publisher={Applied Probability Trust}
}


@book{tijms2012understanding,
  title={Understanding probability},
  author={Tijms, Henk},
  year={2012},
  publisher={Cambridge University Press}
}

@incollection{serfozo2009renewal,
  title={Renewal and Regenerative Processes},
  author={Serfozo, Richard},
  booktitle={Basics of Applied Stochastic Processes},
  pages={99--167},
  year={2009},
  publisher={Springer}
}

@article{roe86,
  title={A criterion of convergence of measure-valued processes: application to measure branching processes},
  author={Roelly-Coppoletta, Sylvie},
  journal={Stochastics: An International Journal of Probability and Stochastic Processes},
  volume={17},
  number={1-2},
  pages={43--65},
  year={1986},
  publisher={Taylor \& Francis}
}

@book{cho10,
  title={The curve shortening problem},
  author={Chou, Kai-Seng and Zhu, Xi-Ping},
  year={2010},
  publisher={Chapman and Hall/CRC}
}

@article{maz07,
  title={Self similar expanding solutions of the planar network flow},
  author={Mazzeo, Rafe and Saez, Mariel},
  journal={arXiv preprint arXiv:0704.3113},
  year={2007}
}

@article{sch07,
  title={Self-similarly expanding networks to curve shortening flow},
  author={Schn{\"u}rer, Oliver C and Schulze, Felix},
  journal={arXiv preprint math/0702698},
  year={2007}
}

@book{jac87,
  title={Limit theorems for stochastic processes},
  author={Jacod, Jean and Shiryaev, Albert N},
  volume={288},
  year={1987},
  publisher={Springer-Verlag Berlin}
}

@article{schnurer2011evolution,
  title={Evolution of convex lens-shaped networks under the curve shortening flow},
  author={Schn{\"u}rer, Oliver  and others},
  journal={Transactions of the American Mathematical Society},
  volume={363},
  number={5},
  pages={2265--2294},
  year={2011}
}

@article{got04,
  title={On the validity of the von Neumann--Mullins relation},
  author={Gottstein, G and Rollett, AD and Shvindlerman, LS},
  journal={Scripta materialia},
  volume={51},
  number={6},
  pages={611--616},
  year={2004},
  publisher={Elsevier}
}

@article{macpherson2007neumann,
  title={The von Neumann relation generalized to coarsening of three-dimensional microstructures},
  author={MacPherson, Robert D and Srolovitz, David J},
  journal={Nature},
  volume={446},
  number={7139},
  pages={1053--1055},
  year={2007},
  publisher={Nature Publishing Group}
}

@article{lazar2012complete,
  title={Complete topology of cells, grains, and bubbles in three-dimensional microstructures},
  author={Lazar, Emanuel A and Mason, Jeremy K and MacPherson, Robert D and Srolovitz, David J},
  journal={Physical Review Letters},
  volume={109},
  number={9},
  pages={095505},
  year={2012},
  publisher={APS}
}

@book{rolski2009stochastic,
  title={Stochastic processes for insurance and finance},
  author={Rolski, Tomasz and Schmidli, Hanspeter and Schmidt, Volker and Teugels, Jozef},
  volume={505},
  year={2009},
  publisher={Wiley}
}


@article{read1950dislocation,
  title={Dislocation models of crystal grain boundaries},
  author={Read, WT and Shockley, W},
  journal={Physical Review},
  volume={78},
  number={3},
  pages={275},
  year={1950},
  publisher={APS}
}

@incollection{herring1999surface,
  title={Surface tension as a motivation for sintering},
  author={Herring, Conyers},
  booktitle={Fundamental Contributions to the Continuum Theory of Evolving Phase Interfaces in Solids},
  pages={33--69},
  year={1999},
  publisher={Springer}
}

@article{bec52,
  author = {Beck,P.A.},
  journal= {Metal Interfaces},
  year = {1952},
  pages = {208},
  Publisher = {American Society for Testing Materials}
}

@article{von1952discussion,
  title={Discussion: grain shapes and other metallurgical applications of topology},
  author={Von Neumann, J},
  journal={Metal Interfaces},
  year={1952}
}

@article{roelly1986criterion,
  title={A criterion of convergence of measure-valued processes: application to measure branching processes},
  author={Roelly-Coppoletta, Sylvie},
  journal={Stochastics: An International Journal of Probability and Stochastic Processes},
  volume={17},
  number={1-2},
  pages={43--65},
  year={1986},
  publisher={Taylor \& Francis}
}

@article{joffe1986weak,
  title={Weak convergence of sequences of semimartingales with applications to multitype branching processes},
  author={Joffe, Anatole and M{\'e}tivier, Michel},
  journal={Advances in Applied Probability},
  pages={20--65},
  year={1986},
  publisher={JSTOR}
}

@article{ambrosio2008uniqueness,
  title={Uniqueness of signed measures solving the continuity equation for Osgood vector fields},
  author={Ambrosio, Luigi and Bernard, Patrick},
  journal={arXiv preprint arXiv:0807.1592},
  year={2008}
}

@article{kinderlehrer2006variational,
  title={A variational approach to modeling and simulation of grain growth},
  author={Kinderlehrer, David and Livshits, Irene and Ta'Asan, Shlomo},
  journal={SIAM Journal on Scientific Computing},
  volume={28},
  number={5},
  pages={1694--1715},
  year={2006},
  publisher={SIAM}
}

@article{elsey2009diffusion,
  title={Diffusion generated motion for grain growth in two and three dimensions},
  author={Elsey, Matt  and others},
  journal={Journal of Computational Physics},
  volume={228},
  number={21},
  pages={8015--8033},
  year={2009},
  publisher={Elsevier}
}

@article{elsey2013mean,
  title={Mean-Curvature flow of Voronoi Diagrams (preprint)},
  author={Elsey, Matt and Slepcev, Dejan},
  year={2013}
}

@article{lazar2012complete,
  title={Complete topology of cells, grains, and bubbles in three-dimensional microstructures},
  author={Lazar, Emanuel A and Mason, Jeremy K and MacPherson, Robert D and Srolovitz, David J},
  journal={Physical Review Letters},
  volume={109},
  number={9},
  pages={095505},
  year={2012},
  publisher={APS}
}

@article{menon2004approach,
  title={Approach to self-similarity in {S}moluchowski's coagulation equations},
  author={Menon, Govind and Pego, Robert L},
  journal={Communications on Pure and Applied mathematics},
  volume={57},
  number={9},
  pages={1197--1232},
  year={2004},
  publisher={Wiley Online Library}
}

@article{menon2010dynamics,
  title={Dynamics and self-similarity in min-driven clustering},
  author={Menon, Govind and Niethammer, Barbara and Pego, Robert},
  journal={Transactions of the American Mathematical Society},
  volume={362},
  number={12},
  pages={6591--6618},
  year={2010}
}

@book{bruus2008theoretical,
  title={Theoretical microfluidics},
  author={Bruus, Henrik},
  volume={18},
  year={2008},
  publisher={Oxford University Press}
}
  

@article{chernoff1952measure,
  title={A measure of asymptotic efficiency for tests of a hypothesis based on the sum of observations},
  author={Chernoff, Herman},
  journal={The Annals of Mathematical Statistics},
  volume={23},
  number={4},
  pages={493--507},
  year={1952},
  publisher={Institute of Mathematical Statistics}
}


@article{elsey2013simulations,
  title={Simulations of anisotropic grain growth: Efficient algorithms and misorientation distributions},
  author={Elsey, Matt  and others},
  journal={Acta Materialia},
  year={2013},
  publisher={Elsevier}
}

@article{feller1974introduction,
  title={Introduction to Probability Theory and Its Applications, {V}ol. {II} {POD}},
  author={Feller, William},
  year={1974}
}

@article{borovkov2001piece,
  title={On a piece-wise deterministic {M}arkov process model},
  author={Borovkov, K and Novikov, A},
  journal={Statistics \& probability letters},
  volume={53},
  number={4},
  pages={421--428},
  year={2001},
  publisher={Elsevier}
}

@article{costa2008stability,
  title={Stability and ergodicity of piecewise deterministic {M}arkov processes},
  author={Costa, Oswaldo Luiz V and Dufour, Fran{\c{c}}ois},
  journal={SIAM Journal on Control and Optimization},
  volume={47},
  number={2},
  pages={1053--1077},
  year={2008},
  publisher={SIAM}
}

@article{klob2013mvs,
  title={Measure valued solutions of a piecewise deterministic {M}arkov process limit (preprint)},
  author={Klobusicky, Joe  and others},
  year={2013}
}

@article{klob2013oct1,
  title={Building polyhedra by self-folding: theory and experiment (preprint)},
  author={Gracias,David  and others},
  year={2013}
}

@article{klob2013oct2,
  title={Self-assembly of mesoscale octahedral isomers (preprint)},
  author={Pandey,Shivendra  and others},
  year={2013}
}

@article{klob2013pdmp1,
  title={Kinetic limits of piecewise deterministic {M}arkov processes (preprint)},
  author={Klobusicky, Joe  and others},
  year={2013}
}

@article{klob2013pdmp2,
  title={Kinetic limits of piecewise deterministic {M}arkov processes applied to grain coarsening (preprint)},
  author={Klobusicky, Joe  and others},
  year={2013}
}


@article{elsey2009diffusion,
  title={Diffusion generated motion for grain growth in two and three dimensions},
  author={Elsey, Matt and Smereka,Peter,
  journal={Journal of Computational Physics},
  volume={228},
  number={21},
  pages={8015--8033},
  year={2009},
  publisher={Elsevier}
}

@article{thompson2001grain,
  title={Grain growth and evolution of other cellular structures},
  author={Thompson, Carl V},
  journal={Solid State Physics},
  volume={55},
  pages={269--314},
  year={2001},
  publisher={Elsevier}
}

@article{fradkov1994two,
  title={Two-dimensional normal grain growth: topological aspects},
  author={Fradkov, VE and Udler, D},
  journal={Advances in Physics},
  volume={43},
  number={6},
  pages={739--789},
  year={1994},
  publisher={Taylor \& Francis}
}

@article{barmak2011entropy,
  title={An entropy based theory of the grain boundary character distribution},
  author={Barmak, Katayun and Eggeling, Eva and Emelianenko, Maria and Epshteyn, Yekaterina and Kinderlehrer, David and Sharp, Richard and Ta’asan, Shlomo},
  journal={Discrete Contin. Dyn. Syst},
  volume={30},
  number={2},
  pages={427--454},
  year={2011}
}

@article{henseler2008kinetic,
  title={A kinetic model for grain growth},
  author={Henseler, Reiner and Herrmann, Michael and Niethammer, Barbara and Vel{\'a}zquez, Juan JL},
  journal={arXiv preprint arXiv:0807.3529},
  year={2008}
}

@article{evans1991motion,
  title={Motion of level sets by mean curvature {I}},
  author={Evans, Lawrence C and Spruck, Joel},
  journal={J. Diff. Geom},
  volume={33},
  number={3},
  pages={635--681},
  year={1991}
}

@article{fradkov1985experimental,
  title={Experimental investigation of normal grain growth in terms of area and topological class},
  author={Fradkov, VE and Kravchenko, AS and Shvindlerman, LS},
  journal={Scripta metallurgica},
  volume={19},
  number={11},
  pages={1291--1296},
  year={1985},
  publisher={Elsevier}
}

@book{whitt2002stochastic,
  title={Stochastic-process limits: an introduction to stochastic-process limits and their application to queues},
  author={Whitt, Ward},
  year={2002},
  publisher={Springer}
}

@article{flyvbjerg1993model,
  title={Model for coarsening froths and foams},
  author={Flyvbjerg, Henrik},
  journal={Physical Review E},
  volume={47},
  number={6},
  pages={4037},
  year={1993},
  publisher={APS}
}

@article{erickson1970strong,
  title={Strong renewal theorems with infinite mean},
  author={Erickson, K Bruce},
  journal={Transactions of the American Mathematical Society},
  volume={151},
  number={1},
  pages={263--291},
  year={1970}
}

@article{anderson1988strong,
  title={A strong renewal theorem for generalized renewal functions in the infinite mean case},
  author={Anderson, Kevin K and Athreya, Krishna B},
  journal={Probability Theory and Related Fields},
  volume={77},
  number={4},
  pages={471--479},
  year={1988},
  publisher={Springer}
}

@inproceedings{jakubowski1986skorokhod,
  title={On the Skorokhod topology},
  author={Jakubowski, Adam},
  booktitle={Annales de l'IHP Probabilit{\'e}s et statistiques},
  volume={22},
  number={3},
  pages={263--285},
  year={1986},
  organization={Elsevier}
}

@book{ethier2009markov,
  title={Markov processes: characterization and convergence},
  author={Ethier, Stewart N and Kurtz, Thomas G},
  volume={282},
  year={2009},
  publisher={John Wiley \& Sons}
}

@article{kang2010fluid,
  title={Fluid limits of many-server queues with reneging},
  author={Kang, Weining and others},
  journal={The Annals of Applied Probability},
  volume={20},
  number={6},
  pages={2204--2260},
  year={2010},
  publisher={Institute of Mathematical Statistics}
}

@article{costa2008stability,
  title={Stability and ergodicity of piecewise deterministic {M}arkov processes},
  author={Costa, Oswaldo Luiz V and Dufour, Fran{\c{c}}ois},
  journal={SIAM Journal on Control and Optimization},
  volume={47},
  number={2},
  pages={1053--1077},
  year={2008},
  publisher={SIAM}
}

@article{diaconis1992analysis,
  title={Analysis of top to random shuffles},
  author={Diaconis, Persi and Fill, James Allen and Pitman, Jim},
  journal={Combinatorics, Probability \& Computing},
  volume={1},
  pages={135--155},
  year={1992},
  publisher={Cambridge Univ Press}
}

@article{hungerbuhler1995isomorphism,
  title={The isomorphism problem for {C}atalan families},
  author={Hungerb{\"u}hler, Norbert},
  journal={J. Combin. Inform. System Sci},
  volume={20},
  pages={129--139},
  year={1995}
}

@article{henselerthesis,
title = {A kinetic model for grain growth, doctoral thesis}, 
author = {Henseler, Reiner}
journal = {Doctoral Thesis,Humboldt–Universit¨at zu Berlin}
year = {2007}
}

@book{anderson2005fracture,
  title={Fracture mechanics: fundamentals and applications},
  author={Anderson, Ted L},
  year={2005},
  publisher={CRC press}
}

@article{anderson1984computer,
  title={Computer simulation of grain growth {—I}. Kinetics},
  author={Anderson, MP and Srolovitz, DJ and Grest, GS and Sahni, PS},
  journal={Acta Metallurgica},
  volume={32},
  number={5},
  pages={783--791},
  year={1984},
  publisher={Elsevier}
}

@article{wakai2000three,
  title={Three-dimensional microstructural evolution in ideal grain growth—general statistics},
  author={Wakai, Fumihiro and Enomoto, Naoya and Ogawa, Hiroshi},
  journal={Acta Materialia},
  volume={48},
  number={6},
  pages={1297--1311},
  year={2000},
  publisher={Elsevier}
}

@book{billingsley2009convergence,
  title={Convergence of probability measures},
  author={Billingsley, Patrick},
  volume={493},
  year={2009},
  publisher={John Wiley \& Sons}
}

@article{elsey2011large,
  title={Large-scale simulation of normal grain growth via diffusion-generated motion},
  author={Elsey, Matt and Esedo?lu, Selim and Smereka, Peter},
  journal={Proceedings of the Royal Society A: Mathematical, Physical and Engineering Science},
  volume={467},
  number={2126},
  pages={381--401},
  year={2011},
  publisher={The Royal Society}
}

@article{reitich1996three,
  title={Three-phase boundary motions under constant velocities. I: The vanishing surface tension limit},
  author={Reitich, Fernando and Soner, H Mete},
  journal={Proceedings of the Royal Society of Edinburgh: Section A Mathematics},
  volume={126},
  number={04},
  pages={837--865},
  year={1996},
  publisher={Cambridge Univ Press}
}