@ARTICLE{Endres2005,
AUTHOR="D Endres and M Miyahara and P Moisant and A Zlotnick",
TITLE="A reaction landscape identifies the intermediates critical for selfassembly of virus capsids and other polyhedral structures",
JOURNAL="Protein Science",
VOLUME= "14",
ISSUE = "6",
PAGES= "1518--1525",
YEAR=2005
}

@ARTICLE{Zlotnick1994,
AUTHOR="A Zlotnick",
TITLE="An equilibrium model of the self assembly of polyhedral protein complexes",
JOURNAL="Journal of Molecular Biology",
VOLUME= "241",
ISSUE = "1",
PAGES= "59-67",
YEAR=1994
}

@ARTICLE{Liu2011,
AUTHOR="Y Liu and C Hu and A Comotti and M Ward",
TITLE="Supramolecular Archimedean cages assembled with 72 hydrogen bonds",
JOURNAL="Science",
VOLUME= "333",
ISSUE = "6041",
PAGES= "436--440",
YEAR=2011
}

@ARTICLE{Pandey2011,
AUTHOR="S Pandey and M Ewing and A Kunas and S Ngyen and D Gracias and G Menon",
TITLE="Algorithmic design of self-folding polyhedra",
JOURNAL="Proceedings of the National Academy of Sciences",
VOLUME= "108",
ISSUE = "50",
PAGES= "19885-19890",
YEAR=2011
}

@ARTICLE{Sun2010,
AUTHOR="Q Sun and J Iwasa and D Ogawa and Y Ishido and S Sato and T Ozeki and Y Sei and K Yamaguchi and M Fujita",
TITLE="Self-assembled {M}24{L}48 polyhedra and their sharp structural switch upon subtle ligand variation",
JOURNAL="Science",
VOLUME= "328",
ISSUE = "5982",
PAGES= "1144--1147",
YEAR=2010
}

@Book{Coxeter1963,
author = "H Coxeter",
title = "Regular Polytopes",
publisher = "Dover Publications, Inc.",
year = 1973,
address = "New York, NY"
}

@Book{Rotman1995,
author = "J Rotman",
title = "An Introduction to the Theory of Groups",
publisher = "Springer-Verlag",
year = 1995,
edition = "Fourth",
address = "New York, NY"
}

@Book{Grunbaum2003,
author = "B Grunbaum",
title = "Convex Polytopes",
publisher = "Springer-Verlag New York, Inc.",
year = 2003,
address = "New York, NY"
}

@Book{Cromwell1997,
author = "P Cromwell",
title = "Polyhedra",
publisher = "Cambridge University Press",
year = 1997,
address = "Cambridge, UK"
}

@Book{Ziegler1995,
author = "G Ziegler",
title = "Lectures on Polytopes",
publisher = "Springer-Verlag",
year = 1995,
address = "New York, NY"
}


@ARTICLE{Abrahamsen2011,
AUTHOR="M Abrahamsen and S Eilers",
TITLE="On the asymptotic enumeration of Lego structures",
JOURNAL="Experimental Mathematics",
VOLUME= "20",
ISSUE = "2",
PAGES= "145-152",
YEAR=2011
}

@ARTICLE{Amendola2008,
AUTHOR="G Amendola",
TITLE="Decomposition and enumeration of triangulated surfaces",
JOURNAL="Experimental Mathematics",
VOLUME= "17",
ISSUE = "2",
PAGES= "153-166",
YEAR=2008
}

@misc{Izmestiev2009,
  Author = {I Izmestiev},
  Institution = {Kyushu University},
  Howpublished = {Online},
  Year = {2009},
  Title = {Infintesimal rigidity of frameworks and surfaces}
}

@inbook{Gidas1995,
author = {B Gidas},
chapter = {Metropolis-type Monte Carlo simulation algorithms and simulated annealing},
crossref = {Snell1995}
}

@book{Snell1995,
editor = {J Snell}, 
title      = {Topics in contemporary probability and its application},
booktitle = {Topics in contemporary probability and its application},
publisher = {CDC Press},
address = {Boca Raton, FL},
year = 1995
}

@ARTICLE{Gracias2013,
   AUTHOR  = {D Gracias and R Kaplan and J Klobusicky and G Menon and S Pandey},
   TITLE   = {Building polyhedra by self-folding: theory and experiment},
   YEAR    = {2013},
   JOURNAL = {pre-print},
   VOLUME  = {},
   NUMBER  = {},
   PAGES   = {}
}

@ARTICLE{Owen2011,
   AUTHOR  = {M Owen},
   TITLE   = {Computing Geodesic Distances in Tree Space},
   YEAR    = {2011},
   JOURNAL = {SIAM J. Discrete Math.},
   VOLUME  = {25},
   NUMBER  = {4},
   PAGES   = {1506--1529}
}

@ARTICLE{Billera2001,
   AUTHOR  = {L Billera and S Holmes and K Vogtmann},
   TITLE   = {Geometry of the space of phylogenetic trees},
   YEAR    = {2011},
   JOURNAL = {SIAM J. Discrete Math.},
   VOLUME  = {25},
   NUMBER  = {4},
   PAGES   = {1506--1529}
}

@article{Thurston1984,
  title={The mathematics of three-dimensional manifolds},
  author={W Thurston and J Weeks},
  journal={Scientific American},
  volume={251},
  pages={108--120},
  year={1984}
}

@PROCEEDINGS{Berkeley1961,
  editor = {J Neyman},
  title = {Fourth Berkeley symposium on mathematical statistics and probability},
  booktitle = {Proceedings of the Berkely symposium on mathematical statistics and probability},
  volume = 4,
  series = {},
  publisher = {University of California Press},
  address = {Berkely, CA},
  year = {1961}
}

@INPROCEEDINGS{Eden1961,
  author = {M Eden},
  title = {A two-dimensional growth process},
  pages = {223-239},
  crossref = {Berkeley1961},
  doi = {0104.13801},
}


@INPROCEEDINGS{Bishop2005, 
  author={Bishop, J. and Burden, S. and Klavins, E. and Kreisberg, R. and Malone, W. and Napp, N. and Nguyen, T.}, 
  booktitle={Intelligent Robots and Systems, 2005. (IROS 2005). 2005 IEEE/RSJ International Conference on}, title={Programmable parts: a demonstration of the grammatical approach to self-organization}, 
  year={2005}, 
  pages={3684-3691}, 
  keywords={graph grammars;robots;self-adjusting systems;graph grammars;programmable parts;robotics;self-organizing processes;Aggregates;Assembly;Books;Fans;Mathematics;Microcontrollers;Predictive models;Robot kinematics;Stochastic systems;Topology}, 
  doi={10.1109/IROS.2005.1545375},
}

@ARTICLE{Klavins2006, 
author={Klavins, E. and Ghrist, R. and Lipsky, D.}, 
journal={Automatic Control, IEEE Transactions on}, title={A grammatical approach to self-organizing robotic systems}, 
year={2006}, 
volume={51}, 
number={6}, 
pages={949-962}, 
keywords={control engineering computing;graph grammars;robots;self-adjusting systems;stability;acyclic graph;concurrent robotic self-assembly;graph grammars;self-organizing robotic systems;stability;Aggregates;Engineering profession;Mathematics;Microorganisms;Permanent magnets;Robot kinematics;Robotic assembly;Self-assembly;Shape;Cooperative control;self assembly;symbolic methods}, 
doi={10.1109/TAC.2006.876950}, 
ISSN={0018-9286},
}

@ARTICLE{Schwartz1998,
AUTHOR="R Schwartz and P Shor and P Prevelige Jr. and B Berger",
TITLE="Local rule simulation of the kinetics of virus capsd self-assembly",
JOURNAL="Biophysical Journal",
VOLUME= "75",
ISSUE = "6",
PAGES= "2626-2636",
YEAR=1998
}

@ARTICLE{Berger1994,
   AUTHOR="B Berger and P Shor and L Tucker-Kellogg and J King",
   TITLE="Local rule-based theory of virus shell assembly",
   JOURNAL="Proceedings of the National Academy of Sciences",
   VOLUME= "91",
   ISSUE = "16",
   PAGES= "7732-7736",
   YEAR=1994
}

@ARTICLE{Hagan2006,
   AUTHOR="M Hagan and D Chandler",
   TITLE="Dynamic pathways for viral capsid assembly",
   JOURNAL="Biophysical Journal",
   VOLUME= "91",
   ISSUE = "1",
   PAGES= "42--54",
   YEAR=2006
}

@ARTICLE{Wales1998,
   AUTHOR="D Wales and M MIller and Y Walsh",
   TITLE="Archetypical energy landscapes",
   JOURNAL="Nature",
   VOLUME= "394",
   ISSUE = "6695",
   PAGES= "758--760",
   YEAR=1998
}

@ARTICLE{Doye1999,
   AUTHOR="J Doye and M MIller and D Wales",
   TITLE="Evolution of the potential energy surface with size for Lennard-Jones clusters",
   JOURNAL="Journal of Chemical Physics",
   VOLUME= "111",
   ISSUE = "18",
   PAGES= "8417--8428",
   YEAR=1999
}

@MISC{Ishizeki1999,
    author = {Takayuki Ishizeki and Fumihiko Takeuchi},
    title = {Geometric Shellings of 3-Polytopes},
    year = {1999}
}

@article{Smilansky1990,
year={1990},
issn={0021-2172},
journal={Israel Journal of Mathematics},
volume={71},
number={1},
doi={10.1007/BF02807248},
title={A non-geometric shelling of a 3-polytope},
url={http://dx.doi.org/10.1007/BF02807248},
publisher={Springer-Verlag},
author={Smilansky, Zeev},
pages={29-32},
language={English}
}

@phdthesis{Grayson2012,
    title = {Models of molecular self-assembly for RNA viruses and synthetic DNA cages},
    school = {University of York},
    author = {N Grayson},
    year = {2012}
}

@article {Li2011,
  author = {Li, Dong and Zhou, Wu and Landskron, Kai and Sato, Sota and Kiely, Christopher J. and Fujita, Makoto and Liu, Tianbo},
  title = {Viral-Capsid-Type Vesicle-Like Structures Assembled from M12L24 Metalâ€“Organic Hybrid Nanocages},
  journal = {Angewandte Chemie International Edition},
  volume = {50},
  number = {22},
  publisher = {WILEY-VCH Verlag},
  issn = {1521-3773},
  url = {http://dx.doi.org/10.1002/anie.201007829},
  doi = {10.1002/anie.201007829},
  pages = {5182--5187},
  keywords = {interparticle distance, nanocages, self-assembly, vesicles, viral capsids},
  year = {2011},
}

@article{Hosokawa1994,
 author = {Hosokawa, Kazuo and Shimoyama, Isao and Miura, Hirofumi},
 title = {Dynamics of self-assembling systems: Analogy with chemical kinetics},
 journal = {Artif. Life},
 issue_date = {Summer 1994},
 volume = {1},
 number = {4},
 month = jan,
 year = {1994},
 issn = {1064-5462},
 pages = {413--427},
 numpages = {15},
 url = {http://dx.doi.org/10.1162/artl.1994.1.413},
 doi = {10.1162/artl.1994.1.413},
 acmid = {1667949},
 publisher = {MIT Press},
 address = {Cambridge, MA, USA},
 keywords = {chemical kinetics, dynamics, master equation, self-assembly, self-organization},
} 




